<marc:record xmlns:marc="http://www.loc.gov/MARC21/slim" xmlns:xsi="http://www.w3.org/2001/XMLSchema-instance" xsi:schemaLocation="http://www.loc.gov/MARC21/slim http://www.loc.gov/standards/marcxml/schema/MARC21slim.xsd">
  <marc:leader>     cam a2200229ua 45M</marc:leader>
  <marc:controlfield tag="001">001679921</marc:controlfield>
  <marc:controlfield tag="003">NNU</marc:controlfield>
  <marc:controlfield tag="005">20001218221215.0</marc:controlfield>
  <marc:controlfield tag="008">950927m19541960sy            000 0 ara d</marc:controlfield>
  <marc:datafield tag="035" ind1="9" ind2=" ">
    <marc:subfield code="a">NYUb12223315</marc:subfield>
  </marc:datafield>
  <marc:datafield tag="035" ind1=" " ind2=" ">
    <marc:subfield code="a">(NjP)notisCBX5844</marc:subfield>
  </marc:datafield>
  <marc:datafield tag="035" ind1=" " ind2=" ">
    <marc:subfield code="a">(CStRLIN)NJPG95-B60387</marc:subfield>
  </marc:datafield>
  <marc:datafield tag="040" ind1=" " ind2=" ">
    <marc:subfield code="a">NjP</marc:subfield>
    <marc:subfield code="c">NjP</marc:subfield>
  </marc:datafield>
  <marc:datafield tag="100" ind1="1" ind2=" ">
    <marc:subfield code="a">Arsūzī, Zakī,</marc:subfield>
    <marc:subfield code="d">1900-1968.</marc:subfield>
  </marc:datafield>
  <marc:datafield tag="245" ind1="1" ind2="0">
    <marc:subfield code="a">Baʻth al-ummah al-ʻArabīyah wa-risālatihā ilá al-ʻālam /</marc:subfield>
    <marc:subfield code="c">Zakī al-Arsūzī.</marc:subfield>
  </marc:datafield>
  <marc:datafield tag="260" ind1=" " ind2=" ">
    <marc:subfield code="a">Sūrīyah :</marc:subfield>
    <marc:subfield code="b">Dār al-Yaqẓah al-ʻArabīyah lil-Taʼlīf wa-al-Tarjamah wa-al-Nashr,</marc:subfield>
    <marc:subfield code="c">[1954-196-?]</marc:subfield>
  </marc:datafield>
  <marc:datafield tag="300" ind1=" " ind2=" ">
    <marc:subfield code="a">4 v. in 1 ;</marc:subfield>
    <marc:subfield code="c">17 cm.</marc:subfield>
  </marc:datafield>
  <marc:datafield tag="505" ind1="0" ind2=" ">
    <marc:subfield code="a">v. 1. Risālatā al-madanīyah wa-al-thaqāfah -- v. 2. Risālatā al-madanīyah wa-al-thaqāfah -- v. 3. Risālatā al-falsafah wa-al-akhlāq -- v. 4. al-Dawlah wa-al-ummah.</marc:subfield>
  </marc:datafield>
  <marc:datafield tag="650" ind1=" " ind2="0">
    <marc:subfield code="a">Civilization, Arab.</marc:subfield>
  </marc:datafield>
  <marc:datafield tag="650" ind1=" " ind2="0">
    <marc:subfield code="a">Arabism.</marc:subfield>
  </marc:datafield>
  <marc:datafield tag="950" ind1=" " ind2=" ">
    <marc:subfield code="l">BMAIN</marc:subfield>
    <marc:subfield code="a">PJ6709</marc:subfield>
    <marc:subfield code="b">.A75</marc:subfield>
  </marc:datafield>
  <marc:datafield tag="955" ind1=" " ind2=" ">
    <marc:subfield code="l">BMAIN</marc:subfield>
    <marc:subfield code="c">1</marc:subfield>
    <marc:subfield code="r">012950070</marc:subfield>
  </marc:datafield>
  <marc:datafield tag="998" ind1=" " ind2=" ">
    <marc:subfield code="s">9124</marc:subfield>
  </marc:datafield>
</marc:record>
